@online{ethereum,
  author = {Vitalik Buterin},
  title  = {Ethereum},
  year   = {2014},
  url    = {https://ethereum.org/669c9e2e2027310b6b3cdce6e1c52962/Ethereum_Whitepaper_-_Buterin_2014.pdf}
}

@online{cosmos,
  author = {Jae Kwon, Ethan Buchman},
  title  = {A Network of Distributed Ledgers},
  url    = {https://v1.cosmos.network/resources/whitepaper}
}

@online{ibc,
  title = {IBC-Go},
  url   = {https://github.com/cosmos/ibc-go}
}

@online{ast,
  author = {Python Software Foundation},
  title  = {Python - Abstract Syntax Trees},
  url    = {https://docs.python.org/3/library/ast.html}
}

@online{fetch,
  title = {Fetch},
  url   = {https://developer.mozilla.org/en-US/docs/Web/API/Fetch_API/Using_Fetch}
}

@online{croncat,
  title = {Croncat},
  url   = {https://cron.cat/}
}




